@article{2006ComparativeanalysisIKONOSSPOTETMdataleafareaindexestimationtemperateconiferousdeciduousforeststands,
  title = {Comparative Analysis of IKONOS, SPOT, and ETM+ Data for Leaf Area Index Estimation in Temperate Coniferous and Deciduous Forest Stands},
  author = {Soudani, Kamel and Fran{\c c}ois, Christophe and {le Maire}, Guerric and Le Dantec, Val{\'e}rie and Dufr{\^e}ne, Eric},
  year = {2006},
  month = may,
  journal = {Remote Sensing of Environment},
  volume = {102},
  number = {1},
  pages = {161--175},
  issn = {0034-4257},
  doi = {10.1016/j.rse.2006.02.004}
}

@book{MultispectralImageAnalysisUsingObjectOrientedParadigm,
  title = {Multispectral Image Analysis Using the Object-Oriented Paradigm},
  author = {Navulur, Kumar},
  doi = {10.1201/9781420043075}
}

@misc{oktayAttentionUNetLearning2018,
  title = {Attention U-Net: Learning Where to Look for the Pancreas},
  shorttitle = {Attention U-Net},
  author = {Oktay, Ozan and Schlemper, Jo and Folgoc, Loic Le and Lee, Matthew and Heinrich, Mattias and Misawa, Kazunari and Mori, Kensaku and McDonagh, Steven and Hammerla, Nils Y. and Kainz, Bernhard and Glocker, Ben and Rueckert, Daniel},
  year = {2018},
  month = may,
  number = {arXiv:1804.03999},
  eprint = {1804.03999},
  eprinttype = {arxiv},
  primaryclass = {cs},
  publisher = {arXiv},
  doi = {10.48550/arXiv.1804.03999},
  archiveprefix = {arXiv}
}

@misc{ronnebergerUNetConvolutionalNetworks2015,
  title = {U-Net: Convolutional Networks for Biomedical Image Segmentation},
  shorttitle = {U-Net},
  author = {Ronneberger, Olaf and Fischer, Philipp and Brox, Thomas},
  year = {2015},
  month = may,
  number = {arXiv:1505.04597},
  eprint = {1505.04597},
  eprinttype = {arxiv},
  primaryclass = {cs},
  publisher = {arXiv},
  doi = {10.48550/arXiv.1505.04597},
  archiveprefix = {arXiv}
}

