% Encoding: UTF-8

@article{vaswani2017attention,
  title={Attention is all you need},
  author={Vaswani, Ashish and Shazeer, Noam and Parmar, Niki and Uszkoreit, Jakob and Jones, Llion and Gomez, Aidan N and Kaiser, {\L}ukasz and Polosukhin, Illia},
  journal={Advances in neural information processing systems},
  volume={30},
  year={2017}
}

@inproceedings{girshick2015fast,
  title={Fast r-cnn},
  author={Girshick, Ross},
  booktitle={Proceedings of the IEEE international conference on computer vision},
  pages={1440--1448},
  year={2015}
}

@inproceedings{girshick2014rich,
  title={Rich feature hierarchies for accurate object detection and semantic segmentation},
  author={Girshick, Ross and Donahue, Jeff and Darrell, Trevor and Malik, Jitendra},
  booktitle={Proceedings of the IEEE conference on computer vision and pattern recognition},
  pages={580--587},
  year={2014}
}

@article{ren2015faster,
  title={Faster r-cnn: Towards real-time object detection with region proposal networks},
  author={Ren, Shaoqing and He, Kaiming and Girshick, Ross and Sun, Jian},
  journal={Advances in neural information processing systems},
  volume={28},
  year={2015}
}

@inproceedings{liu2016ssd,
  title={Ssd: Single shot multibox detector},
  author={Liu, Wei and Anguelov, Dragomir and Erhan, Dumitru and Szegedy, Christian and Reed, Scott and Fu, Cheng-Yang and Berg, Alexander C},
  booktitle={Computer Vision--ECCV 2016: 14th European Conference, Amsterdam, The Netherlands, October 11--14, 2016, Proceedings, Part I 14},
  pages={21--37},
  year={2016},
  organization={Springer}
}

@inproceedings{redmon2016you,
  title={You only look once: Unified, real-time object detection},
  author={Redmon, Joseph and Divvala, Santosh and Girshick, Ross and Farhadi, Ali},
  booktitle={Proceedings of the IEEE conference on computer vision and pattern recognition},
  pages={779--788},
  year={2016}
}

@inproceedings{redmon2017yolo9000,
  title={YOLO9000: better, faster, stronger},
  author={Redmon, Joseph and Farhadi, Ali},
  booktitle={Proceedings of the IEEE conference on computer vision and pattern recognition},
  pages={7263--7271},
  year={2017}
}

@article{redmon2018yolov3,
  title={Yolov3: An incremental improvement},
  author={Redmon, Joseph and Farhadi, Ali},
  journal={arXiv preprint arXiv:1804.02767},
  year={2018}
}

@inproceedings{karimijafarbigloo2023self,
  title={Self-supervised few-shot learning for semantic segmentation: An annotation-free approach},
  author={Karimijafarbigloo, Sanaz and Azad, Reza and Merhof, Dorit},
  booktitle={International Workshop on PRedictive Intelligence In MEdicine},
  pages={159--171},
  year={2023},
  organization={Springer}
}

@article{cheng2021transfer,
  title={Transfer learning U-Net deep learning for lung ultrasound segmentation},
  author={Cheng, Dorothy and Lam, Edmund Y},
  journal={arXiv preprint arXiv:2110.02196},
  year={2021}
}

@inproceedings{long2015fully,
  title={Fully convolutional networks for semantic segmentation},
  author={Long, Jonathan and Shelhamer, Evan and Darrell, Trevor},
  booktitle={Proceedings of the IEEE conference on computer vision and pattern recognition},
  pages={3431--3440},
  year={2015}
}

@inproceedings{ronneberger2015u,
  title={U-net: Convolutional networks for biomedical image segmentation},
  author={Ronneberger, Olaf and Fischer, Philipp and Brox, Thomas},
  booktitle={Medical image computing and computer-assisted intervention--MICCAI 2015: 18th international conference, Munich, Germany, October 5-9, 2015, proceedings, part III 18},
  pages={234--241},
  year={2015},
  organization={Springer}
}

@article{badrinarayanan2017segnet,
  title={Segnet: A deep convolutional encoder-decoder architecture for image segmentation},
  author={Badrinarayanan, Vijay and Kendall, Alex and Cipolla, Roberto},
  journal={IEEE transactions on pattern analysis and machine intelligence},
  volume={39},
  number={12},
  pages={2481--2495},
  year={2017},
  publisher={IEEE}
}

@article{chen2014semantic,
  title={Semantic image segmentation with deep convolutional nets and fully connected crfs},
  author={Chen, Liang-Chieh and Papandreou, George and Kokkinos, Iasonas and Murphy, Kevin and Yuille, Alan L},
  journal={arXiv preprint arXiv:1412.7062},
  year={2014}
}


@article{chen2017deeplab,
  title={Deeplab: Semantic image segmentation with deep convolutional nets, atrous convolution, and fully connected crfs},
  author={Chen, Liang-Chieh and Papandreou, George and Kokkinos, Iasonas and Murphy, Kevin and Yuille, Alan L},
  journal={IEEE transactions on pattern analysis and machine intelligence},
  volume={40},
  number={4},
  pages={834--848},
  year={2017},
  publisher={IEEE}
}

@inproceedings{he2017mask,
  title={Mask r-cnn},
  author={He, Kaiming and Gkioxari, Georgia and Doll{\'a}r, Piotr and Girshick, Ross},
  booktitle={Proceedings of the IEEE international conference on computer vision},
  pages={2961--2969},
  year={2017}
}

@article{oktay2018attention,
  title={Attention u-net: Learning where to look for the pancreas},
  author={Oktay, Ozan and Schlemper, Jo and Folgoc, Loic Le and Lee, Matthew and Heinrich, Mattias and Misawa, Kazunari and Mori, Kensaku and McDonagh, Steven and Hammerla, Nils Y and Kainz, Bernhard and others},
  journal={arXiv preprint arXiv:1804.03999},
  year={2018}
}

@inproceedings{li2018csrnet,
  title={Csrnet: Dilated convolutional neural networks for understanding the highly congested scenes},
  author={Li, Yuhong and Zhang, Xiaofan and Chen, Deming},
  booktitle={Proceedings of the IEEE conference on computer vision and pattern recognition},
  pages={1091--1100},
  year={2018}
}

@inproceedings{boominathan2016crowdnet,
  title={Crowdnet: A deep convolutional network for dense crowd counting},
  author={Boominathan, Lokesh and Kruthiventi, Srinivas SS and Babu, R Venkatesh},
  booktitle={Proceedings of the 24th ACM international conference on Multimedia},
  pages={640--644},
  year={2016}
}

@article{minaee2021image,
  title={Image segmentation using deep learning: A survey},
  author={Minaee, Shervin and Boykov, Yuri and Porikli, Fatih and Plaza, Antonio and Kehtarnavaz, Nasser and Terzopoulos, Demetri},
  journal={IEEE transactions on pattern analysis and machine intelligence},
  volume={44},
  number={7},
  pages={3523--3542},
  year={2021},
  publisher={IEEE}
}

@inproceedings{han1995influence,
  title={The influence of the sigmoid function parameters on the speed of backpropagation learning},
  author={Han, Jun and Moraga, Claudio},
  booktitle={International workshop on artificial neural networks},
  pages={195--201},
  year={1995},
  organization={Springer}
}

@article{apicella2021survey,
  title={A survey on modern trainable activation functions},
  author={Apicella, Andrea and Donnarumma, Francesco and Isgr{\`o}, Francesco and Prevete, Roberto},
  journal={Neural Networks},
  volume={138},
  pages={14--32},
  year={2021},
  publisher={Elsevier}
}

@article{wu2021r,
  title={R-drop: Regularized dropout for neural networks},
  author={Wu, Lijun and Li, Juntao and Wang, Yue and Meng, Qi and Qin, Tao and Chen, Wei and Zhang, Min and Liu, Tie-Yan and others},
  journal={Advances in Neural Information Processing Systems},
  volume={34},
  pages={10890--10905},
  year={2021}
}

@article{bjorck2018understanding,
  title={Understanding batch normalization},
  author={Bjorck, Nils and Gomes, Carla P and Selman, Bart and Weinberger, Kilian Q},
  journal={Advances in neural information processing systems},
  volume={31},
  year={2018}
}

@inproceedings{lin2017focal,
  title={Focal loss for dense object detection},
  author={Lin, Tsung-Yi and Goyal, Priya and Girshick, Ross and He, Kaiming and Doll{\'a}r, Piotr},
  booktitle={Proceedings of the IEEE international conference on computer vision},
  pages={2980--2988},
  year={2017}
}

@inproceedings{chen2020dynamic,
  title={Dynamic relu},
  author={Chen, Yinpeng and Dai, Xiyang and Liu, Mengchen and Chen, Dongdong and Yuan, Lu and Liu, Zicheng},
  booktitle={European Conference on Computer Vision},
  pages={351--367},
  year={2020},
  organization={Springer}
}

@inproceedings{dosovitskiy2021an,
title={An Image is Worth 16x16 Words: Transformers for Image Recognition at Scale},
author={Alexey Dosovitskiy and Lucas Beyer and Alexander Kolesnikov and Dirk Weissenborn and Xiaohua Zhai and Thomas Unterthiner and Mostafa Dehghani and Matthias Minderer and Georg Heigold and Sylvain Gelly and Jakob Uszkoreit and Neil Houlsby},
booktitle={International Conference on Learning Representations},
year={2021},
}

@inproceedings{devlin-etal-2019-bert,
    title = "{BERT}: Pre-training of Deep Bidirectional Transformers for Language Understanding",
    author = "Devlin, Jacob  and
      Chang, Ming-Wei  and
      Lee, Kenton  and
      Toutanova, Kristina",
    editor = "Burstein, Jill  and
      Doran, Christy  and
      Solorio, Thamar",
    booktitle = "Proceedings of the 2019 Conference of the North {A}merican Chapter of the Association for Computational Linguistics: Human Language Technologies, Volume 1 (Long and Short Papers)",
    month = jun,
    year = "2019",
    address = "Minneapolis, Minnesota",
    publisher = "Association for Computational Linguistics",
    doi = "10.18653/v1/N19-1423",
    pages = "4171--4186",
    abstract = "We introduce a new language representation model called BERT, which stands for Bidirectional Encoder Representations from Transformers. Unlike recent language representation models (Peters et al., 2018a; Radford et al., 2018), BERT is designed to pre-train deep bidirectional representations from unlabeled text by jointly conditioning on both left and right context in all layers. As a result, the pre-trained BERT model can be fine-tuned with just one additional output layer to create state-of-the-art models for a wide range of tasks, such as question answering and language inference, without substantial task-specific architecture modifications. BERT is conceptually simple and empirically powerful. It obtains new state-of-the-art results on eleven natural language processing tasks, including pushing the GLUE score to 80.5 (7.7 point absolute improvement), MultiNLI accuracy to 86.7{\%} (4.6{\%} absolute improvement), SQuAD v1.1 question answering Test F1 to 93.2 (1.5 point absolute improvement) and SQuAD v2.0 Test F1 to 83.1 (5.1 point absolute improvement).",
}